<?xml version="1.0" encoding="UTF-8"?><record xmlns="http://www.loc.gov/MARC21/slim" xmlns:cinclude="http://apache.org/cocoon/include/1.0" xmlns:zs="http://www.loc.gov/zing/srw/">
  <leader>00443cz  a2200133n  4500</leader>
  <controlfield tag="001">n  86811846 </controlfield>
  <controlfield tag="003">DLC</controlfield>
  <controlfield tag="005">19860717143602.5</controlfield>
  <controlfield tag="008">860307n| acannaab|          |n aaa |||  </controlfield>
  <datafield tag="010" ind1=" " ind2=" ">
    <subfield code="a">n  86811846 </subfield>
  </datafield>
  <datafield tag="040" ind1=" " ind2=" ">
    <subfield code="a">DLC</subfield>
    <subfield code="c">DLC</subfield>
    <subfield code="d">DLC</subfield>
  </datafield>
  <datafield tag="100" ind1="1" ind2="0">
    <subfield code="a">Fisher, Raymond K.</subfield>
  </datafield>
  <datafield tag="670" ind1=" " ind2=" ">
    <subfield code="a">nuc86-20593: His Aristophanes Clouds, 1984</subfield>
    <subfield code="b">(hdg. on IaAS rept.: Fisher, Raymond K.; usage: Raymond K. Fisher)</subfield>
  </datafield>
  <datafield tag="670" ind1=" " ind2=" ">
    <subfield code="a">His Aristophanes Clouds, 1984:</subfield>
    <subfield code="b">t.p. (Raymond K. Fisher)</subfield>
  </datafield>
</record>